%%%%%%%%%%%%%%%%%%%%%%%%%%%%%%%%%%%%%%%%%%%%%%%%%%%%
% Eisagwgi
@article{eisagwgi_NN_bib1,
  author = {Aslan, M. F. and Durdu, A. and Sabanci, K. and Ropelewska, E. and Gültekin, S. S.},
  title = {A Comprehensive Survey of the Recent Studies with UAV for Precision Agriculture in Open Fields and Greenhouses},
  journal = {Applied Sciences},
  year = {2022},
  volume = {12},
  pages = {1047},
  doi = {10.3390/app12031047},
  url = {https://doi.org/10.3390/app12031047}
}

@article{eisagwgi_NN_bib2,
  author = {Singh, V. K. and Tiwari, K. N.},
  title = {Prediction of greenhouse micro-climate using artificial neural network},
  journal = {Applied Ecology and Environmental Research},
  year = {2017},
  volume = {15},
  pages = {767--778},
  doi = {10.15666/aeer/1501_767778}
}

@article{eisagwgi_NN_bib3,
  author = {Shamshiri, Reza R. and Jones, James W. and Thorp, Kelly R. and Ahmad, Dzolkhifli and Man, Hon Chai and Taheri, Saeid},
  title = {Review of optimum temperature, humidity, and vapour pressure deficit for microclimate evaluation and control in greenhouse cultivation of tomato: a review},
  journal = {International Agrophysics},
  year = {2018},
  volume = {32},
  number = {2},
  pages = {287--302},
  doi = {10.1515/intag-2017-0005}
}

@Article{eisagwgi_NN_bib4,
AUTHOR = {Rabbi, Barkat and Chen, Zhong-Hua and Sethuvenkatraman, Subbu},
TITLE = {Protected Cropping in Warm Climates: A Review of Humidity Control and Cooling Methods},
JOURNAL = {Energies},
VOLUME = {12},
YEAR = {2019},
NUMBER = {14},
ARTICLE-NUMBER = {2737},
URL = {https://www.mdpi.com/1996-1073/12/14/2737},
ISSN = {1996-1073},
DOI = {10.3390/en12142737}
}

@Article{eisagwgi_NN_bib5,
AUTHOR = {Soussi, Meriem and Chaibi, Mohamed Thameur and Buchholz, Martin and Saghrouni, Zahia},
TITLE = {Comprehensive Review on Climate Control and Cooling Systems in Greenhouses under Hot and Arid Conditions},
JOURNAL = {Agronomy},
VOLUME = {12},
YEAR = {2022},
NUMBER = {3},
ARTICLE-NUMBER = {626},
URL = {https://www.mdpi.com/2073-4395/12/3/626},
ISSN = {2073-4395},
DOI = {10.3390/agronomy12030626}
}

@Article{eisagwgi_NN_bib6,
AUTHOR = {Shen, Yongtao and Wei, Ruihua and Xu, Lihong},
TITLE = {Energy Consumption Prediction of a Greenhouse and Optimization of Daily Average Temperature},
JOURNAL = {Energies},
VOLUME = {11},
YEAR = {2018},
NUMBER = {1},
ARTICLE-NUMBER = {65},
URL = {https://www.mdpi.com/1996-1073/11/1/65},
ISSN = {1996-1073},
DOI = {10.3390/en11010065}
}

@misc{eisagwgi_NN_bib7,
  title = {Livestock Farming Census 2021 (Reference year: 2020)},
  author = {{Hellenic Statistical Authority (ELSTAT)}},
  year = {2021},
  address = {Athens},
  organization = {Hellenic Statistical Authority}
}

@article{eisagwgi_NN_bib8,
  title={Current situation of greenhouse vegetable production in Greece},
  author={Savvas, D and Ropokis, A and Ntatsi, G and Kittas, C},
  journal={Acta Hortic},
  volume={1142},
  pages={443--448},
  year={2016},
  doi={10.17660/ActaHortic.2016.1142.67}
}

@Article{eisagwgi_NN_bib9,
AUTHOR = {Kavga, Angeliki and Thomopoulos, Vasileios and Barouchas, Pantelis and Stefanakis, Nikolaos and Liopa-Tsakalidi, Aglaia},
TITLE = {Research on Innovative Training on Smart Greenhouse Technologies for Economic and Environmental Sustainability},
JOURNAL = {Sustainability},
VOLUME = {13},
YEAR = {2021},
NUMBER = {19},
ARTICLE-NUMBER = {10536},
URL = {https://www.mdpi.com/2071-1050/13/19/10536},
ISSN = {2071-1050},
DOI = {10.3390/su131910536}
}

@article{eisagwgi_alg_bib10,
    AUTHOR = "Kim, Hyung-Kweon and Lee, Si-Young and Kwon, Jin-Kyung and Kim, Yong-Hyeon",
    TITLE = "Evaluating the Effect of Cover Materials on Greenhouse Microclimates and Thermal Performance",
    JOURNAL = "Agronomy",
    VOLUME = "12",
    YEAR = "2022",
    NUMBER = "1",
    ARTICLE-NUMBER = "143",
    DOI = "10.3390/agronomy12010143"
}

@article{eisagwgi_alg_bib11,
    title = {Greenhouse heating by energy transfer between greenhouses: System design and implementation},
    journal = {Applied Energy},
    volume = {325},
    pages = {119815},
    year = {2022},
    issn = {0306-2619},
    doi = {https://doi.org/10.1016/j.apenergy.2022.119815},
    author = {Weituo Sun and Xiaoming Wei and Baochang Zhou and Chungui Lu and Wenzhong Guo},
}

@article{eisagwgi_alg_bib12,
    title={Effect of shading on photosynthesis of greenhouse hydroponic cucumber crops}, 
    DOI={10.13128/ijam-871}, 
    number={1}, 
    journal={Italian Journal of Agrometeorology}, 
    author={Kitta, Evangelini and Katsoulas, Nikolaos}, 
    year={2020}, 
    pages={41–48} 
}

@article{eisagwgi_alg_bib13,
author = {Hesham A. Ahemd and Abdulelah A. Al-Faraj and Ahmed M. Abdel-Ghany},
title = {Shading greenhouses to improve the microclimate, energy and water saving in hot regions: A review},
journal = {Scientia Horticulturae},
volume = {201},
pages = {36-45},
year = {2016},
doi = {https://doi.org/10.1016/j.scienta.2016.01.030},
}

@article{eisagwgi_alg_bib14,
    author = {Angmo, Phunchok
    and Phuntsog, Nawang
    and Namgail, Desyong
    and Chaurasia, O. P.
    and Stobdan, Tsering},
    title={Effect of shading and high temperature amplitude in greenhouse on growth, photosynthesis, yield and phenolic contents of tomato (Lycopersicum esculentum Mill.)},
    journal={Physiology and Molecular Biology of Plants},
    year={2021},
    month={Jul},
    day={01},
    volume={27},
    number={7},
    pages={1539-1546},
    doi={10.1007/s12298-021-01032-z},
}

@article{eisagwgi_alg_bib15,
  author  = {Hassanien, R. H. E. and Li, M.},
  title   = {Influences of Greenhouse-Integrated Semi-Transparent Photovoltaics on Microclimate and Lettuce Growth},
  journal = {International Journal of Agricultural and Biological Engineering},
  volume  = {10},
  year    = {2017},
  number  = {6},
  pages   = {11--22},
  doi     = {10.3965/j.ijabe.20171006.2887}
}

@article{eisagwgi_alg_bib16,
  author  = {Yano, A. and Cossu, M.},
  title   = {Energy Sustainable Greenhouse Crop Cultivation Using Photovoltaic Technologies},
  journal = {Renewable and Sustainable Energy Reviews},
  volume  = {109},
  year    = {2019},
  pages   = {116--137},
  doi     = {10.1016/j.rser.2019.04.026}
}

@article{eisagwgi_alg_bib17,
  author = {Liu, J. and van Iersel, M.W.},
  title = {Photosynthetic Physiology of Blue, Green, and Red Light: Light Intensity Effects and Underlying Mechanisms},
  journal = {Front. Plant Sci.},
  volume = {12},
  pages = {619987},
  year = {2021},
  doi = {10.3389/fpls.2021.619987}
}

@article{eisagwgi_alg_bib18,
AUTHOR = {Roxani, Aikaterini and Zisos, Athanasios and Sakki, Georgia-Konstantina and Efstratiadis, Andreas},
TITLE = {Multidimensional Role of Agrovoltaics in Era of EU Green Deal: Current Status and Analysis of Water; Energy; Food ;Land Dependencies},
JOURNAL = {Land},
VOLUME = {12},
YEAR = {2023},
NUMBER = {5},
ARTICLE-NUMBER = {1069},
DOI = {10.3390/land12051069}
}

@article{eisagwgi_alg_bib19,
AUTHOR = {Jin, Dezhi and Su, Xiaofeng and Li, Yuefeng and Shi, Mingming and Yang, Bobo and Wan, Wenchang and Wen, Xing and Yang, Shaojun and Ding, Xiaotao and Zou, Jun},
TITLE = {Effect of Red and Blue Light on Cucumber Seedlings Grown in a Plant Factory},
JOURNAL = {Horticulturae},
VOLUME = {9},
YEAR = {2023},
NUMBER = {2},
ARTICLE-NUMBER = {124},
URL = {https://www.mdpi.com/2311-7524/9/2/124},
DOI = {10.3390/horticulturae9020124}
}

@article{eisagwgi_alg_bib20,
author = {Dean, Jacob C. and Kusaka, Ryoji and Walsh, Patrick S. and Allais, Florent and Zwier, Timothy S.},
title = {Plant Sunscreens in the UV-B: Ultraviolet Spectroscopy of Jet-Cooled Sinapoyl Malate, Sinapic Acid, and Sinapate Ester Derivatives},
journal = {Journal of the American Chemical Society},
volume = {136},
number = {42},
pages = {14780-14795},
year = {2014},
doi = {10.1021/ja5059026},
}

@article{eisagwgi_alg_bib21,
  author  = {Waller, R. and Kacira, M. and Magadley, E. and Teitel, M. and Yehia, I.},
  title   = {Evaluating the Performance of Flexible, Semi-Transparent Large-Area Organic Photovoltaic Arrays Deployed on a Greenhouse},
  journal = {AgriEngineering},
  volume  = {4},
  year    = {2022},
  number  = {4},
  pages   = {969--992},
  doi     = {10.3390/agriengineering4040062}
}

@article{eisagwgi_alg_bib22,
  author  = {Aira, J.-R. and Gallardo-Saavedra, S. and Eugenio-Gozalbo, M. and Alonso-Gomez, V. and Munoz-Garcia, M.-A. and Hernandez-Callejo, L.},
  title   = {Analysis of the Viability of a Photovoltaic Greenhouse with Semi-Transparent Amorphous Silicon (a-Si) Glass},
  journal = {Agronomy},
  volume  = {11},
  year    = {2021},
  number  = {6},
  pages   = {1097},
  doi     = {10.3390/agronomy11061097}
}

@article{eisagwgi_alg_bib23,
  author  = {Moretti, S. and Marucci, A.},
  title   = {A Photovoltaic Greenhouse with Variable Shading for the Optimization of Agricultural and Energy Production},
  journal = {Energies},
  volume  = {12},
  year    = {2019},
  number  = {13},
  pages   = {2589},
  doi     = {10.3390/en12132589}
}

@article{eisagwgi_alg_bib24,
  author  = {Ezzaeri, K. and Fatnassi, H. and Wifaya, A. and Bazgaou, A. and Aharoune, A. and Poncet, C. and Bekkaoui, A. and Bouirden, L.},
  title   = {Performance of Photovoltaic Canarian Greenhouse: A Comparison Study between Summer and Winter Seasons},
  journal = {Solar Energy},
  volume  = {198},
  year    = {2020},
  pages   = {275--282},
  doi     = {10.1016/j.solener.2020.01.057}
}

@article{eisagwgi_alg_bib25,
  author  = {Barron-Gafford, G. A. and Pavao-Zuckerman, M. A. and Minor, R. L. and Sutter, L. F. and Barnett-Moreno, I. and Blackett, D. T. and Thompson, M. and Dimond, K. and Gerlak, A. K. and Nabhan, G. P. and Macknick, J. E.},
  title   = {Agrivoltaics Provide Mutual Benefits Across the Food–Energy–Water Nexus in Drylands},
  journal = {Nature Sustainability},
  volume  = {2},
  year    = {2019},
  number  = {9},
  pages   = {848--855},
  doi     = {10.1038/s41893-019-0364-5}
}

@article{eisagwgi_alg_bib26,
  author  = {Kavga, A. and Trypanagnostopoulos, G. and Zervoudakis, G. and Tripanagnostopoulos, Y.},
  title   = {Growth and Physiological Characteristics of Lettuce (\textit{Lactuca sativa} L.) and Rocket (\textit{Eruca sativa} Mill.) Plants Cultivated under Photovoltaic Panels},
  journal = {Notulae Botanicae Horti Agrobotanici Cluj-Napoca},
  volume  = {46},
  year    = {2018},
  number  = {1},
  pages   = {206--212},
  doi     = {10.15835/nbha46110846}
}

@article{eisagwgi_alg_bib27,
  author  = {Tang, Y. and Ma, X. and Li, M. and Wang, Y.},
  title   = {The Effect of Temperature and Light on Strawberry Production in a Solar Greenhouse},
  journal = {Solar Energy},
  volume  = {195},
  year    = {2020},
  pages   = {318--328},
  doi     = {10.1016/j.solener.2019.11.070}
}

@article{eisagwgi_alg_bib28,
  author  = {Blando, F. and Gerardi, C. and Renna, M. and Castellano, S. and Serio, F.},
  title   = {Characterisation of Bioactive Compounds in Berries from Plants Grown Under Innovative Photovoltaic Greenhouses},
  journal = {Journal of Berry Research},
  volume  = {8},
  year    = {2018},
  number  = {1},
  pages   = {55--69},
  doi     = {10.3233/jbr-170258}
}

@article{eisagwgi_alg_bib29,
  author  = {Trommsdorff, M. and Kang, J. and Reise, C. and Schindele, S. and Bopp, G. and Ehmann, A. and Weselek, A. and Högy, P. and Obergfell, T.},
  title   = {Combining Food and Energy Production: Design of an Agrivoltaic System Applied in Arable and Vegetable Farming in Germany},
  journal = {Renewable and Sustainable Energy Reviews},
  volume  = {140},
  year    = {2021},
  pages   = {110694},
  doi     = {10.1016/j.rser.2020.110694}
}

@article{eisagwgi_alg_bib30,
  author  = {Cossu, M. and Yano, A. and Solinas, S. and Deligios, P. A. and Tiloca, M. T. and Cossu, A. and Ledda, L.},
  title   = {Agricultural Sustainability Estimation of the European Photovoltaic Greenhouses},
  journal = {European Journal of Agronomy},
  volume  = {118},
  year    = {2020},
  pages   = {126074},
  doi     = {10.1016/j.eja.2020.126074}
}

@article{eisagwgi_alg_bib31,
  author  = {López-Díaz, G. and Ángel Carreño-Ortega and Fatnassi, Hicham and Poncet, C. and Díaz-Pérez, M.},
  title   = {The Effect of Different Levels of Shading in a Photovoltaic Greenhouse with a North–South Orientation},
  journal = {Applied Sciences},
  volume  = {10},
  year    = {2020},
  number  = {3},
  pages   = {882},
  doi     = {10.3390/app10030882}
}

@article{eisagwgi_alg_bib32,
  author  = {Cossu, M. and Cossu, A. and Deligios, P. A. and Ledda, L. and Li, Z. and Fatnassi, H. and Poncet, C. and Yano, A.},
  title   = {Assessment and Comparison of the Solar Radiation Distribution Inside the Main Commercial Photovoltaic Greenhouse Types in Europe},
  journal = {Renewable and Sustainable Energy Reviews},
  volume  = {94},
  year    = {2018},
  pages   = {822--834},
  doi     = {10.1016/j.rser.2018.06.001}
}

@article{eisagwgi_alg_bib33,
  author  = {Hassanien, R. H. E. and Li, M. and Yin, F.},
  title   = {The Integration of Semi-Transparent Photovoltaics on Greenhouse Roof for Energy and Plant Production},
  journal = {Renewable Energy},
  volume  = {121},
  year    = {2018},
  pages   = {377--388},
  doi     = {10.1016/j.renene.2018.01.044}
}

@article{eisagwgi_str_bib34,
  title={Shading effect of photovoltaic panels on horticulture crops production: A mini review},
  author={Touil, Sabrina and Richa, Aghasafari and Fizir, Mohamed and et al.},
  journal={Reviews in Environmental Science and Biotechnology},
  volume={20},
  pages={281--296},
  year={2021},
  doi={10.1007/s11157-021-09572-2},
  url={https://doi.org/10.1007/s11157-021-09572-2}
}

@article{eisagwgi_str_bib35,
  title={Microclimate and crop performance in a tunnel greenhouse shaded by organic photovoltaic modules – Comparison with conventional shaded and unshaded tunnels},
  author={Friman-Peretz, Michal and Ozer, Shmuel and Geoola, Francis and et al.},
  journal={Biosystems Engineering},
  volume={197},
  pages={12--31},
  year={2020},
  doi={10.1016/j.biosystemseng.2020.06.007},
  url={https://doi.org/10.1016/j.biosystemseng.2020.06.007}
}

@article{eisagwgi_str_bib36,
  title={A review on opportunities for implementation of solar energy technologies in agricultural greenhouses},
  author={Gorjian, Shiva and Calise, Francesco and Kant, Krishna and et al.},
  journal={Journal of Cleaner Production},
  volume={285},
  pages={124807},
  year={2021},
  doi={10.1016/j.jclepro.2020.124807},
  url={https://doi.org/10.1016/j.jclepro.2020.124807}
}

@inproceedings{eisagwgi_str_bib37,
  title={Comparison of the efficiency of plastic nets for shading greenhouse in different climates},
  author={Statuto, Davide and Abdel-Ghany, Ahmed M. and Starace, Giuseppe and Arrigoni, Pietro and Picuno, Pietro},
  booktitle={Innovative Biosystems Engineering for Sustainable Agriculture, Forestry and Food Production. MID-TERM AIIA 2019},
  editor={Coppola, Antonio and Di Renzo, Gianluigi and Altieri, Giuseppe and D'Antonio, Paola},
  year={2020},
  volume={67},
  pages={33--45},
  publisher={Springer},
  doi={10.1007/978-3-030-39299-4_33},
  url={https://doi.org/10.1007/978-3-030-39299-4_33}
}

@article{eisagwgi_str_bib38,
  title={Plastic nets in agriculture: A general review of types and applications},
  author={Castellano, Sergio and Mugnozza, Giuseppe Scarascia and Russo, Guglielmo and Briassoulis, Demetres and Mistriotis, Athanasios and Hemming, Sidney and Waaijenberg, David},
  journal={Applied Engineering in Agriculture},
  volume={24},
  number={6},
  pages={799--808},
  year={2008},
  doi={10.13031/2013.25368},
  url={https://doi.org/10.13031/2013.25368}
}

@inproceedings{eisagwgi_str_bib39,
  title={Efficiency of plastic nets for greenhouse shading},
  author={Puglisi, Rosaria and Lippolis, Mario and Starace, Giuseppe and Arrigoni, Pietro and Picuno, Pietro},
  booktitle={AIIA 2022: Biosystems Engineering Towards the Green Deal},
  editor={Ferro, Vincenzo and Giordano, Giuseppe and Orlando, Stefano and Vallone, Marco and Cascone, Giuseppe and Porto, Stefano M. C.},
  year={2023},
  volume={337},
  pages={125--134},
  publisher={Springer},
  doi={10.1007/978-3-031-30329-6_125},
  url={https://doi.org/10.1007/978-3-031-30329-6_125}
}

@article{eisagwgi_str_bib41,
  title={Analysis of the effects of shading screens on the microclimate of greenhouses and glass facade buildings},
  author={Santolini, Erika and Pulvirenti, Beatrice and Guidorzi, Paolo and Bovo, Mauro and Torreggiani, Daniele and Tassinari, Patrizia},
  journal={Building and Environment},
  volume={211},
  pages={108691},
  year={2022},
  doi={10.1016/j.buildenv.2021.108691},
  url={https://doi.org/10.1016/j.buildenv.2021.108691}
}

@article{eisagwgi_str_bib42,
  title={Microclimate under different shading screens in greenhouses cultivated with bromeliads},
  author={Holcman, E. and Sentelhas, P.},
  journal={Revista Brasileira de Engenharia Agrícola e Ambiental},
  volume={16},
  pages={858--863},
  year={2012},
  doi={10.1590/S1415-43662012000800007},
  url={https://doi.org/10.1590/S1415-43662012000800007}
}

@article{eisagwgi_str_bib43,
  title={Agrophotovoltaic systems: Applications, challenges, and opportunities. A review},
  author={Weselek, Anna and Ehmann, Andreas and Zikeli, Sabine and et al.},
  journal={Agronomy for Sustainable Development},
  volume={39},
  pages={35},
  year={2019},
  doi={10.1007/s13593-019-0581-3},
  url={https://doi.org/10.1007/s13593-019-0581-3}
}

@article{eisagwgi_str_bib45,
  title={Shading greenhouses to improve the microclimate, energy and water saving in hot regions: A review},
  author={Ahmed, Hany A. and Al-Faraj, Abdullah A. and Abdel-Ghany, Ahmed M.},
  journal={Scientia Horticulturae},
  volume={201},
  pages={36--45},
  year={2016},
  doi={10.1016/j.scienta.2016.01.030},
  url={https://doi.org/10.1016/j.scienta.2016.01.030}
}

@article{eisagwgi_adv_alg_bib1,
title = {Agrivoltaics, a promising new tool for electricity and food production: A systematic review},
journal = {Renewable and Sustainable Energy Reviews},
volume = {192},
pages = {114277},
year = {2024},
issn = {1364-0321},
doi = {https://doi.org/10.1016/j.rser.2023.114277},
url = {https://www.sciencedirect.com/science/article/pii/S1364032123011358},
author = {J. Widmer and B. Christ and J. Grenz and L. Norgrove},
}

@book{eisagwgi_adv_alg_bib2,
  author    = {Chatzipanagi, A. and Taylor, N. and Jaeger-Waldau, A.},
  title     = {Overview of the potential and challenges for agri-photovoltaics in the European Union},
  year      = {2023},
  publisher = {Publications Office of the European Union},
  url       = {https://data.europa.eu/doi/10.2760/208702},
  institution = {European Commission, Joint Research Centre}
}

@article{eisagwgi_adv_alg_bib3,
  author    = {A. Abdel-Ghany and I. Al-Helal and F. Alkoaik and A. Alsadon and M. Shady and A. Ibrahim},
  title     = {Predicting the cooling potential of different shading methods for greenhouses in arid regions},
  journal   = {Energies},
  volume    = {12},
  year      = {2019},
  url       = {https://doi.org/10.3390/en12244716},
  doi       = {10.3390/en12244716}
}

@article{eisagwgi_adv_alg_bib14,
  author    = {E. Barbera and E. Sforza and L. Vecchiato and A. Bertucco},
  title     = {Energy and economic analysis of microalgae cultivation in a photovoltaic-assisted greenhouse: Scenedesmus obliquus as a case study},
  journal   = {Energy},
  volume    = {140},
  year      = {2017},
  pages     = {116--124},
  url       = {https://doi.org/10.1016/j.energy.2017.08.069},
  doi       = {10.1016/j.energy.2017.08.069}
}

@article{eisagwgi_adv_alg_bib15,
  author    = {Y. Tang and M. Li and X. Ma},
  title     = {Study on photovoltaic modules on greenhouse roof for energy and strawberry production},
  journal   = {E3S Web of Conferences},
  volume    = {118},
  year      = {2019},
  pages     = {03049},
  url       = {https://doi.org/10.1051/e3sconf/201911803049},
  doi       = {10.1051/e3sconf/201911803049}
}

@article{eisagwgi_adv_alg_bib16,
  author    = {C. Zisis and E. Pechlivani and S. Tsimikli and E. Mekeridis and A. Laskarakis and S. Logothetidis},
  title     = {Organic photovoltaics on greenhouse rooftops: Effects on plant growth},
  journal   = {Materials Today: Proceedings},
  volume    = {19},
  year      = {2019},
  pages     = {65--72},
  url       = {https://doi.org/10.1016/j.matpr.2019.07.658},
  doi       = {10.1016/j.matpr.2019.07.658}
}

@article{eisagwgi_adv_alg_bib17,
title = {The action spectrum, absorptance and quantum yield of photosynthesis in crop plants},
journal = {Agricultural Meteorology},
volume = {9},
pages = {191-216},
year = {1971},
issn = {0002-1571},
doi = {https://doi.org/10.1016/0002-1571(71)90022-7},
author = {K.J. McCree}
}

@article{eisagwgi_adv_alg_bib18,
title = {Photosynthetic and growth responses of green and purple basil plants under different spectral compositions},
author = {Hosseini, Ameneh and Zare Mehrjerdi, Mahboobeh and Aliniaeifard, Sasan and Seif, Mehdi},
journal = {Physiol. Mol. Biol. Plants},
publisher = {Springer Science and Business Media LLC},
volume = {25},
number = {3},
pages = {741-752},
month = {may},
year = {2019}
}

@ARTICLE{eisagwgi_adv_alg_bib19,
title = {Resource use efficiency of indoor lettuce (Lactuca sativa L.) cultivation as affected by red:blue ratio provided by LED lighting},
author = {Pennisi, Giuseppina and Orsini, Francesco and Blasioli, Sonia and Cellini, Antonio and Crepaldi, Andrea 
        and Braschi, Ilaria and Spinelli, Francesco and Nicola, Silvana and Fernandez, Juan A. and Stanghellini, 
        Cecilia and Gianquinto, Giorgio and Marcelis, Leo F M},
journal = {Sci. Rep.},
publisher = {Springer Science and Business Media LLC},
volume = {9},
number = {1},
pages = {14127},
month = {oct},
year = {2019}
}

@ARTICLE{eisagwgi_adv_alg_bib20,
title = {Effects of shading on the growth and leaf photosynthetic characteristics of three forages in an apple orchard on the Loess Plateau of eastern Gansu, China},
author = {Yang, Mei and Liu, Minguo and Lu, Jiaoyun and Yang, Huimin},
journal = {PeerJ},
publisher = {PeerJ},
volume = {7},
number = {e7594},
pages = {e7594},
month = {aug},
year = {2019}
}

@article{eisagwgi_adv_alg_bib21,
title = {Effects of shading on morphology, physiology and grain yield of winter wheat},
journal = {European Journal of Agronomy},
volume = {33},
number = {4},
pages = {267-275},
year = {2010},
issn = {1161-0301},
doi = {https://doi.org/10.1016/j.eja.2010.07.002},
url = {https://www.sciencedirect.com/science/article/pii/S1161030110000663},
author = {Huawei Li and Dong Jiang and Bernd Wollenweber and Tingbo Dai and Weixing Cao}
}

%%%%%%%%%%%%%%%%%%%%%%%%%%%%%%%%%%%%%%%%%%%%%%%%%%%%%%%%%%%%%%
@manual{diataksi_bib1,
  title        = {CR1000 Measurement and Control Datalogger},
  author       = {Campbell Scientific, Inc.},
  organization = {Campbell Scientific, Inc.},
  url          = {http://campbellsci.com/cr1000},
  year         = {n.d.}
}

@manual{diataksi_bib2,
  title        = {HYGROMER MP 100 A},
  author       = {{ROTRONIC AG}},
  organization = {ROTRONIC AG},
  year         = {n.d.}
}

@manual{diataksi_bib3,
  title = {Pyranometer CMP3 / SMP3},
  author = {{Kipp \& Zonen B.V.}},
  year = {n.d.},
  url = {https://www.kippzonen.com/Product/11/CMP3-Pyranometer},
}

@manual{diataksi_bib4,
  title = {Pulse Output Anemometers A100K/M/S},
  author = {{Vector Instruments}},
  year = {n.d.},
  note = {Accessed: 2024-07-31},
  url = {https://www.windspeed.co.uk}
}

@manual{diataksi_bib5,
  title = {Instruction Manual: Photosynthetic Active Radiometer PAR lite},
  author = {{Kipp \& Zonen B.V.}},
  year = {n.d.},
  note = {Manual version 0706},
  url = {https://www.kippzonen.com}
}

@misc{diataksi_bib6,
  author       = {{Brite Solar}},
  title        = {BSG-250-49 Product Data Sheet},
  year         = {n.d.},
  url          = {https://www.britesolar.com/uploads/originals/1/bsg-250-49.pdf},
  note         = {Accessed: 13 July 2024}
}

@misc{diataksi_bib7,
  author       = {{Victron Energy}},
  title        = {SmartSolar Charge Controllers with VE.Can interface Product Data Sheet},
  year         = {n.d.},
  url          = {https://www.victronenergy.com/upload/documents/Datasheet-SmartSolar-charge-controller-MPPT-150-70-up-to-150-100-VE.Can-EN.pdf}
}

@misc{diataksi_bib8,
  author       = {{Magnum Energy}},
  title        = {The MMS-E Series Pure Sine Wave Inverter/Charger Product Data Sheet},
  year         = {n.d.},
  url          = {https://www.electrotech.gr/64-0476%20Rev%20A%20(MMS-E%20Data%20Sheet).pdf}
}

@misc{diataksi_bib9,
  author       = {{NorthBatt}},
  title        = {DEEP CYCLE AGM D.C VRLA AGM SERIES Product Data Sheet},
  year         = {n.d.},
  url          = {https://www.northbatt.com/gr/pdf/brochure-agm-vrla-deep-cycle-use-batteries.pdf}
}

%%%%%%%%%%%%%%%%%%%%%%%%%%%%%%%%%%%%%%%%%%%%%%%%%%%%%%%%%%%%%%
@book{neural_bib1,
  title={An Introduction to Boundary Layer Meteorology},
  author={Stull, Roland},
  edition={1st},
  publisher={Kluwer Academic Publishers},
  address={Dordrecht, The Netherlands},
  year={1988},
  pages={2--3}
}

@article{neural_bib2,
  title={An intelligent system for the climate control and energy savings in agricultural greenhouses},
  author={Maher, A. and Kamel, E. and Enrico, F. and Abdelkader, M.},
  journal={Energy Effic.},
  volume={9},
  year={2016},
  pages={1241--1255},
  doi={10.1007/s12053-015-9421-8},
  url={http://doi.org/10.1007/s12053-015-9421-8}
}

@Article{neural_bib3,
AUTHOR = {Francik, Sławomir and Kurpaska, Sławomir},
TITLE = {The Use of Artificial Neural Networks for Forecasting of Air Temperature inside a Heated Foil Tunnel},
JOURNAL = {Sensors},
VOLUME = {20},
YEAR = {2020},
NUMBER = {3},
ARTICLE-NUMBER = {652},
URL = {https://www.mdpi.com/1424-8220/20/3/652},
PubMedID = {31991600},
ISSN = {1424-8220},
DOI = {10.3390/s20030652}
}

@article{neural_bib4,
title = {Improving automatic climate control with decision support techniques to minimize disease effects in greenhouse tomatoes},
journal = {Information Processing in Agriculture},
volume = {4},
number = {1},
pages = {50-63},
year = {2017},
issn = {2214-3173},
doi = {https://doi.org/10.1016/j.inpa.2016.12.002},
url = {https://www.sciencedirect.com/science/article/pii/S2214317316300737},
author = {Joaquín Cañadas and Jorge Antonio Sánchez-Molina and Francisco Rodríguez and Isabel María {del Águila}}
}

@article{neural_bib5,
  title={Development and analysis of dynamical mathematical models of greenhouse climate: A review},
  author={Lopez-Cruz, I. L. and Fitz-Rodr{\'i}guez, E. and Raquel, S. and Rojano-Aguilar, A. and Kacira, M.},
  journal={Eur. J. Hortic. Sci.},
  volume={83},
  year={2018},
  pages={269--279},
  doi={10.17660/eJHS.2018/83.5.1}
}

@article{neural_bib6,
title = {Review on greenhouse microclimate and application: Design parameters, thermal modeling and simulation, climate controlling technologies},
journal = {Solar Energy},
volume = {191},
pages = {109-137},
year = {2019},
issn = {0038-092X},
doi = {https://doi.org/10.1016/j.solener.2019.08.042},
url = {https://www.sciencedirect.com/science/article/pii/S0038092X19308205},
author = {Noureddine Choab and Amine Allouhi and Anas {El Maakoul} and Tarik Kousksou and Said Saadeddine and Abdelmajid Jamil}
}

@article{neural_bib7,
  title={Towards discrete time model for greenhouse climate control},
  author={Yuanping Su and Lihong Xu},
  journal={Engineering in Agriculture, Environment and Food},
  volume={10},
  number={2},
  pages={157-170},
  year={2017},
  doi={10.1016/j.eaef.2017.01.001}
}

@incollection{neural_bib8,
title = {Chapter 19 - Industrial control system simulation routines},
editor = {Peng Zhang},
booktitle = {Advanced Industrial Control Technology},
publisher = {William Andrew Publishing},
address = {Oxford},
pages = {781-810},
year = {2010},
isbn = {978-1-4377-7807-6},
doi = {https://doi.org/10.1016/B978-1-4377-7807-6.10019-1},
url = {https://www.sciencedirect.com/science/article/pii/B9781437778076100191},
author = {Peng Zhang}
}

@InProceedings{neural_bib9,
author="Esteves, Marta Sofia
and Perdico{\'u}lis, Teresa P. Azevedo
and dos Santos, Paulo Lopes",
editor="Moreira, Ant{\'o}nio Paulo
and Matos, An{\'i}bal
and Veiga, Germano",
title="System Identification Methods for Identification of State Models",
booktitle="CONTROLO'2014 -- Proceedings of the 11th Portuguese Conference on Automatic Control",
year="2015",
publisher="Springer International Publishing",
address="Cham",
pages="417--427"
}

@Article{neural_bib10,
AUTHOR = {Escamilla-García, Axel and Soto-Zarazúa, Genaro M. and Toledano-Ayala, Manuel and Rivas-Araiza, Edgar and Gastélum-Barrios, Abraham},
TITLE = {Applications of Artificial Neural Networks in Greenhouse Technology and Overview for Smart Agriculture Development},
JOURNAL = {Applied Sciences},
VOLUME = {10},
YEAR = {2020},
NUMBER = {11},
ARTICLE-NUMBER = {3835},
URL = {https://www.mdpi.com/2076-3417/10/11/3835},
ISSN = {2076-3417},
DOI = {10.3390/app10113835}
}

@inproceedings{neural_bib11,
  title={Neural Networks-Based Models for Greenhouse Climate Control},
  author={Gonz{\'a}lez P{\'e}rez, I. and Calder{\'o}n, A. J.},
  booktitle={Actas de las XXXIX Jornadas de Autom{\'a}tica},
  address={Badajoz},
  year={2018},
  pages={875--879},
  doi={10.17979/spudc.9788497497565.0875}
}

@article{neural_bib12,
author = {Alejandro Castañeda-Miranda and Víctor M. Castaño},
title = {Smart frost control in greenhouses by neural networks models},
journal = {Computers and Electronics in Agriculture},
volume = {137},
pages = {102-114},
year = {2017},
issn = {0168-1699},
doi = {https://doi.org/10.1016/j.compag.2017.03.024},
url = {https://www.sciencedirect.com/science/article/pii/S0168169916305798}
}

@article{neural_bib13,
  title={Prediction of Air Temperature and Relative Humidity in Greenhouse via a Multilayer Perceptron Using Environmental Factors},
  author={Choi, H. and Moon, T. and Jung, D. H. and Son, J. E.},
  journal={Prot. Hortic. Plant Fact.},
  volume={28},
  year={2019},
  pages={95--103},
  doi={10.12791/KSBEC.2019.28.2.95},
  url={https://doi.org/10.12791/KSBEC.2019.28.2.95}
}

@article{neural_bib14,
title = {Recurrent Neural Network Model for Prediction of Microclimate in Solar Greenhouse},
journal = {IFAC-PapersOnLine},
volume = {51},
number = {17},
pages = {790-795},
year = {2018},
note = {6th IFAC Conference on Bio-Robotics BIOROBOTICS 2018},
issn = {2405-8963},
doi = {https://doi.org/10.1016/j.ifacol.2018.08.099},
url = {https://www.sciencedirect.com/science/article/pii/S2405896318312151},
author = {Wang Hongkang and Li Li and Wu Yong and Meng Fanjia and Wang Haihua and N.A. Sigrimis}
}

@article{neural_bib15,
author = {Latifa Belhaj Salah and Fathi Fourati},
title = {A greenhouse modeling and control using deep neural networks},
journal = {Applied Artificial Intelligence},
volume = {35},
number = {15},
pages = {1905--1929},
year = {2021},
publisher = {Taylor \& Francis},
doi = {10.1080/08839514.2021.1995232}
}

@article{neural_bib16,
title = {Applied machine learning in greenhouse simulation; new application and analysis},
journal = {Information Processing in Agriculture},
volume = {5},
number = {2},
pages = {253-268},
year = {2018},
issn = {2214-3173},
doi = {https://doi.org/10.1016/j.inpa.2018.01.003},
url = {https://www.sciencedirect.com/science/article/pii/S221431731730207X},
author = {Morteza Taki and Saman {Abdanan Mehdizadeh} and Abbas Rohani and Majid Rahnama and Mostafa Rahmati-Joneidabad}
}

@misc{neural_bib17,
  author = {Samit Bhanja and Abhishek Das},
  title = {Impact of Data Normalization on Deep Neural Network for Time Series Forecasting},
  year = {2018},
  eprint = {1812.05519},
  archivePrefix = {arXiv},
  primaryClass = {cs.LG},
  doi = {10.48550/arXiv.1812.05519},
  url = {https://doi.org/10.48550/arXiv.1812.05519}
}

@article{neural_bib18,
  title={The Kolmogorov-Arnold representation theorem revisited},
  author={Schmidt-Hieber, Johannes},
  journal={Neural Networks},
  volume={137},
  pages={119--126},
  year={2021},
  doi={10.48550/arXiv.2007.15884},
  url={https://doi.org/10.48550/arXiv.2007.15884}
}

@article{neural_bib19,
author = {Yang, Bo and Chen, Yijun and Guo, Zhengxun and Wang, Jingbo and Zeng, Chunyuan and Li, Danyang and Shu, Hongchun and Shan, Jieshan and Fu, Ting and Zhang, Xiaoshun},
title = {Levenberg-Marquardt backpropagation algorithm for parameter identification of solid oxide fuel cells},
journal = {International Journal of Energy Research},
volume = {45},
number = {12},
pages = {17903-17923},
keywords = {artificial neural network, Levenberg-Marquardt backpropagation, optimization methods, parameter identification/estimation, solid oxide fuel cell},
doi = {https://doi.org/10.1002/er.6929},
url = {https://onlinelibrary.wiley.com/doi/abs/10.1002/er.6929},
eprint = {https://onlinelibrary.wiley.com/doi/pdf/10.1002/er.6929},
year = {2021}
}

@article{neural_bib20,
  author={Lv, Chen and Xing, Yang and Zhang, Junzhi and Na, Xiaoxiang and Li, Yutong and Liu, Teng and Cao, Dongpu and Wang, Fei-Yue},
  journal={IEEE Transactions on Industrial Informatics}, 
  title={Levenberg–Marquardt Backpropagation Training of Multilayer Neural Networks for State Estimation of a Safety-Critical Cyber-Physical System}, 
  year={2018},
  volume={14},
  number={8},
  pages={3436-3446},
  doi={10.1109/TII.2017.2777460}
}

@article{neural_bib21,
  author    = {Aslan, Murat F. and Durdu, Akif and Sabanci, Kemal},
  title     = {Human action recognition with bag of visual words using different machine learning methods and hyperparameter optimization},
  journal   = {Neural Computing and Applications},
  year      = {2020},
  volume    = {32},
  number    = {12},
  pages     = {8585--8597},
  doi       = {10.1007/s00521-019-04365-9}
}

%%%%%%%%%%%%%%%%%%%%%%%%%%%%%%%%%%%%%%%%%%%%%%%%%%%%%%%%%%%%%%
@article{algorithm_bib1,
  author  = {Arias-Rosales, Andrés and LeDuc, P. R.},
  title   = {Shadow Modeling in Urban Environments for Solar Harvesting Devices with Freely Defined Positions and Orientations},
  journal = {Renewable and Sustainable Energy Reviews},
  volume  = {164},
  year    = {2022},
  pages   = {112522},
  doi     = {10.1016/j.rser.2022.112522}
}

@article{algorithm_bib2,
  author  = {Fernández-Ahumada, L. M. and Ramírez-Faz, J. and López-Luque, R. and Varo-Martínez, M. and Moreno-García, I. M. and Casares de la Torre, F.},
  title   = {A Novel Backtracking Approach for Two-axis Solar PV Tracking Plants},
  journal = {Renewable Energy},
  volume  = {145},
  year    = {2020},
  pages   = {1214--1221},
  doi     = {10.1016/j.renene.2019.06.062}
}

@article{algorithm_bib3,
  author  = {Salgado-Conrado, L. and Lopez-Montelongo, Areli and Alvarez-Macías, C. and Hernández, I.},
  title   = {Review of Heliodon Developments and Computational Tools for Building Shadow Analysis},
  journal = {Buildings},
  volume  = {12},
  year    = {2022},
  number  = {5},
  pages   = {627},
  doi     = {10.3390/buildings12050627}
}

@article{algorithm_bib4,
  author  = {Shin, J. and Hwang, I. and Kim, D. and Moon, T. and Kim, J. and Kang, W. H. and Son, J. E.},
  title   = {Evaluation of the Light Profile and Carbon Assimilation of Tomato Plants in Greenhouses with Respect to Film Diffuseness and Regional Solar Radiation Using Ray-tracing Simulation},
  journal = {Agricultural and Forest Meteorology},
  volume  = {296},
  year    = {2021},
  pages   = {108219},
  doi     = {10.1016/j.agrformet.2020.108219}
}

@article{algorithm_bib5,
  author  = {Isied, R. S. and Mengi, E. and Zohdi, T. I.},
  title   = {A Digital-Twin Framework for Genomic-Based Optimization of an Agrophotovoltaic Greenhouse System},
  journal = {Proceedings of the Royal Society A: Mathematical, Physical and Engineering Sciences},
  volume  = {478},
  number  = {2267},
  year    = {2022},
  doi     = {10.1098/rspa.2022.0414}
}

@article{algorithm_bib6,
  author  = {Baxevanou, C. and Fidaros, D. and Katsoulas, N. and Mekeridis, E. and Varlamis, C. and Zachariadis, A. and Logothetidis, S.},
  title   = {Simulation of Radiation and Crop Activity in a Greenhouse Covered with Semitransparent Organic Photovoltaics},
  journal = {Applied Sciences},
  volume  = {10},
  number  = {7},
  year    = {2020},
  pages   = {2550},
  doi     = {10.3390/app10072550}
}

@article{algorithm_bib7,
  author  = {Ma, D.-D. and Carpenter, N. R. and Maki, H. and Rehman, T. U. and Tuinstra, M. R. and Jin, J.},
  title   = {Greenhouse Environment Modeling and Simulation for Microclimate Control},
  journal = {Computers and Electronics in Agriculture},
  volume  = {162},
  year    = {2019},
  pages   = {134--142},
  doi     = {10.1016/j.compag.2019.04.013}
}

@article{algorithm_bib8,
  author  = {Carlini, M. and Castellucci, S. and Mennuni, A. and Morelli, S.},
  title   = {Numerical Modeling and Simulation of Pitched and Curved-Roof Solar Greenhouses Provided with Internal Heating Systems for Different Ambient Conditions},
  journal = {Energy Reports},
  volume  = {6},
  year    = {2020},
  pages   = {146--154},
  doi     = {10.1016/j.egyr.2019.10.033}
}

@article{algorithm_bib9,
  author  = {de Sá, B. A. and Dezuo, T. and Ohf, D.},
  title   = {Shadow Modelling Algorithm for Photovoltaic Systems: Extended Analysis and Simulation},
  journal = {Journal of Control, Automation and Electrical Systems},
  volume  = {33},
  year    = {2022},
  pages   = {1507--1518},
  doi     = {10.1007/s40313-022-00905-2}
}

@article{algorithm_bib10,
  author  = {Waller, R. and Kacira, M. and Magadley, E. and Teitel, M. and Yehia, I.},
  title   = {Semi-Transparent Organic Photovoltaics Applied as Greenhouse Shade for Spring and Summer Tomato Production in Arid Climate},
  journal = {Agronomy},
  volume  = {11},
  year    = {2021},
  number  = {6},
  pages   = {1152},
  doi     = {10.3390/agronomy11061152}
}

@article{algorithm_bib11,
  author  = {Cossu, M. and Ledda, L. and Urracci, G. and Sirigu, A. and Cossu, A. and Murgia, L. and Pazzona, A. and Yano, A.},
  title   = {An Algorithm for the Calculation of the Light Distribution in Photovoltaic Greenhouses},
  journal = {Solar Energy},
  volume  = {141},
  year    = {2017},
  pages   = {38--48},
  doi     = {10.1016/j.solener.2016.11.024}
}

@article{algorithm_bib12,
  author  = {Hemming, S. and de Zwart, F. and Elings, A. and Righini, I. and Petropoulou, A.},
  title   = {Remote Control of Greenhouse Vegetable Production with Artificial Intelligence—Greenhouse Climate, Irrigation, and Crop Production},
  journal = {Sensors},
  volume  = {19},
  year    = {2019},
  number  = {8},
  pages   = {1807},
  doi     = {10.3390/s19081807}
}

@incollection{algorithm_bib13,
author = {Marco Rosa-Clot and Giuseppe Marco Tina},
title = {Chapter 2 - Photovoltaic Electricity},
editor = {Marco Rosa-Clot and Giuseppe Marco Tina},
booktitle = {Submerged and Floating Photovoltaic Systems},
publisher = {Academic Press},
pages = {13-32},
year = {2018},
doi = {https://doi.org/10.1016/B978-0-12-812149-8.00002-8}
}

@incollection{algorithm_bib14,
  author = {Duffie, John A. and Beckman, William A. and Blair, Nathan},
  title = {Solar Radiation},
  booktitle = {Solar Engineering of Thermal Processes, Photovoltaics and Wind},
  year = {2020},
  edition = {5th},
  editor = {Duffie, John A. and Beckman, William A. and Blair, Nathan},
  publisher = {John Wiley \& Sons, Inc},
  address = {Hoboken, New Jersey},
  pages = {3--44},
  doi = {10.1002/9781118671603.ch1},
}

@incollection{algorithm_bib15,
author = {Muhammad Iqbal},
title = {Chapter 1 - SUN–EARTH ASTRONOMICAL RELATIONSHIPS},
editor = {Muhammad Iqbal},
booktitle = {An Introduction to Solar Radiation},
publisher = {Academic Press},
pages = {1-28},
year = {1983},
doi = {https://doi.org/10.1016/B978-0-12-373750-2.50006-9},
}

@article{algorithm_bib16,
  author = {Spencer, John W.},
  title = {Fourier series representation of the position of the sun},
  journal = {Search},
  volume = {2},
  year = {1971},
  pages = {162--172},
}

@incollection{algorithm_bib17,
author = {Zhifeng Wang},
title = {Chapter 2 - The Solar Resource and Meteorological Parameters},
editor = {Zhifeng Wang},
booktitle = {Design of Solar Thermal Power Plants},
publisher = {Academic Press},
pages = {47-115},
year = {2019},
doi = {https://doi.org/10.1016/B978-0-12-815613-1.00002-X},
}

@techreport{algorithm_bib18,
author = {Anderson, Kevin and Mikofski, Mark},
title = {Slope-Aware Backtracking for Single-Axis Trackers},
doi = {10.2172/1660126},
url = {https://www.osti.gov/biblio/1660126}, 
place = {United States},
year = {2020},
month = {7}
}

@incollection{algorithm_bib19,
author = {Harald Krüger and Eberhard Grün},
title = {Chapter 29 - Dust in the Solar System},
editor = {Tilman Spohn and Doris Breuer and Torrence V. Johnson},
booktitle = {Encyclopedia of the Solar System (Third Edition)},
publisher = {Elsevier},
edition = {Third Edition},
address = {Boston},
pages = {657-682},
year = {2014},
doi = {https://doi.org/10.1016/B978-0-12-415845-0.00029-3},
}

@incollection{algorithm_bib20,
author = {H. Pälike},
title = {EARTH | Orbital Variation (Including Milankovitch Cycles)},
editor = {Richard C. Selley and L. Robin M. Cocks and Ian R. Plimer},
booktitle = {Encyclopedia of Geology},
publisher = {Elsevier},
address = {Oxford},
pages = {410-421},
year = {2005},
doi = {https://doi.org/10.1016/B0-12-369396-9/00123-4},
}

@Inbook{algorithm_bib21,
author="Xu, Guochang
and Xu, Jia",
title="Keplerian Orbits",
bookTitle="Orbits: 2nd Order Singularity-free Solutions",
year="2013",
publisher="Springer Berlin Heidelberg",
address="Berlin, Heidelberg",
pages="27--38",
doi="10.1007/978-3-642-32793-3_3"
}

@article{algorithm_bib22,
 author = {Ronald D. Snee},
 journal = {Technometrics},
 number = {4},
 pages = {415--428},
 publisher = {[Taylor & Francis, Ltd., American Statistical Association, American Society for Quality]},
 title = {Validation of Regression Models: Methods and Examples},
 volume = {19},
 year = {1977}
}

@article{algorithm_bib23,
  title = {Use of Coefficient of Variation in Assessing Variability of Quantitative Assays},
  author = {Reed, George F. and Lynn, Florence and Meade, Bruce D.},
  journal = {Clinical and Vaccine Immunology},
  volume = {9},
  number = {6},
  pages = {1235--1239},
  year = {2002},
  doi = {10.1128/cdli.9.6.1235-1239.2002},
}

@article{algorithm_bib24,
AUTHOR = {Colin Koeniguer, Elise and Nicolas, Jean-Marie},
TITLE = {Change Detection Based on the Coefficient of Variation in SAR Time-Series of Urban Areas},
JOURNAL = {Remote Sensing},
VOLUME = {12},
YEAR = {2020},
NUMBER = {13},
ARTICLE-NUMBER = {2089},
ISSN = {2072-4292},
DOI = {10.3390/rs12132089}
}

%%%%%%%%%%%%%%%%%%%%%%%%%%%%%%%%%%%%%%%%%%%%%%%%%%%%%%%%%%%%%%
%%%%%%%%%%%%%%%%%%%%%%%%%%%%%%%%%%%%%%%%%%%%%%%%%%%%%%%%%%%%%%

@article{alg_adv_bib1,
title = {Simulation model to analyze the spatial distribution of solar radiation in agrivoltaic Mediterranean greenhouses and its effect on crop water needs},
journal = {Applied Energy},
volume = {353},
pages = {122050},
year = {2024},
issn = {0306-2619},
doi = {https://doi.org/10.1016/j.apenergy.2023.122050},
url = {https://www.sciencedirect.com/science/article/pii/S0306261923014149},
author = {Cristóbal J. Torrente and Juan Reca and Rafael López-Luque and Juan Martínez and Francisco J. Casares}
}

@article{alg_adv_bib2,
  author    = {J. Pérez-Alonso and M. Pérez-García and M. Pasamontes-Romera and A. Callejón-Ferre},
  title     = {Performance analysis and neural modelling of a greenhouse integrated photovoltaic system},
  journal   = {Renewable and Sustainable Energy Reviews},
  volume    = {16},
  year      = {2012},
  pages     = {4675--4685},
  url       = {https://doi.org/10.1016/j.rser.2012.04.002},
  doi       = {10.1016/j.rser.2012.04.002}
}

@ARTICLE{alg_adv_bib3,
AUTHOR={Matkowski, Hubert  and Daszkowska-Golec, Agata },
TITLE={Update on stomata development and action under abiotic stress},
JOURNAL={Frontiers in Plant Science},
VOLUME={14},
YEAR={2023},
DOI={10.3389/fpls.2023.1270180},
ISSN={1664-462X}
}

@Article{alg_adv_bib4,
author={Kollist, Hannes and Zandalinas, Sara I. and Sengupta, Soham and Nuhkat, Maris and Kangasj{\"a}rvi, Jaakko and Mittler, Ron},
title={Rapid Responses to Abiotic Stress: Priming the Landscape for the Signal Transduction Network},
journal={Trends in Plant Science},
year={2019},
month={Jan},
day={01},
publisher={Elsevier},
volume={24},
number={1},
pages={25-37},
issn={1360-1385},
doi={10.1016/j.tplants.2018.10.003},
url={https://doi.org/10.1016/j.tplants.2018.10.003}
}

@incollection{alg_adv_bib5,
author = {Mingnan Qu and Saber Hamdani and James A. Bunce},
title = {The physiology and genetics of stomatal adjustment under fluctuating and stressed environments},
booktitle = {Applied Photosynthesis},
publisher = {IntechOpen},
address = {Rijeka},
year = {2016},
editor = {Mohammad Mahdi Najafpour},
chapter = {4},
doi = {10.5772/62223},
url = {https://doi.org/10.5772/62223}
}

@Inbook{alg_adv_bib6,
author="Rachid, Ahmed and Goren, Aytac and Becerra, Victor and Radulovic, Jovana and Khanna, Sourav",
title="Fundamentals of Solar Energy",
bookTitle="Solar Energy Engineering and Applications",
year="2023",
publisher="Springer International Publishing",
address="Cham",
pages="1--15",
isbn="978-3-031-20830-0",
doi="10.1007/978-3-031-20830-0_1",
url="https://doi.org/10.1007/978-3-031-20830-0_1"
}

@article{alg_adv_bib7,
  title = {Characteristics of various radiative fluxes: global,  tilted,  direct,  and diffused radiation—a case study of Nigeria},
  volume = {135},
  ISSN = {1436-5065},
  url = {http://dx.doi.org/10.1007/s00703-023-00951-8},
  DOI = {10.1007/s00703-023-00951-8},
  number = {2},
  journal = {Meteorology and Atmospheric Physics},
  publisher = {Springer Science and Business Media LLC},
  author = {Agbo,  E. P. and Ettah,  E. B. and Edet,  C. O. and Ndoma,  E. G.},
  year = {2023},
  month = feb 
}

@article{alg_adv_bib8,
  title={Effect of light intensity on main quality of strawberry},
  author={Zhong, P and Yang, S and Qiao, R and Wang, T},
  journal={Southwest China J. Agric. Sci},
  volume={24},
  pages={1219--1221},
  year={2011}
}

%%%%%%%%%%%%%%%%%%%%%%%%%%%%%%%%%%%%%%%%%%%%%%%%%%%%%%%%%%%%%%
%%%%%%%%%%%%%%%%%%%%%%%%%%%%%%%%%%%%%%%%%%%%%%%%%%%%%%%%%%%%%%

@article{strawberries_bib1,
  title={Environmental impact assessment of open field and greenhouse strawberry production},
  author={Khoshnevisan, Bahman and Rafiee, Shahin and Mousazadeh, Hossein},
  journal={European Journal of Agronomy},
  volume={50},
  pages={29--37},
  year={2013},
  doi={10.1016/j.eja.2013.05.003},
  url={https://doi.org/10.1016/j.eja.2013.05.003}
}

@article{strawberries_bib3,
  title={Growth towards light as an adaptation to high light conditions in Chara branches},
  author={Schneider, Sabine and Ziegler, Christine and Melzer, Arnulf},
  journal={New Phytologist},
  volume={172},
  pages={83--91},
  year={2006},
  doi={10.1111/j.1469-8137.2006.01812.x},
  url={https://doi.org/10.1111/j.1469-8137.2006.01812.x}
}

@article{strawberries_bib4,
  title={Effect of light intensity on morphology, photosynthesis and carbon metabolism of alfalfa (*Medicago sativa*) seedlings},
  author={Tang, Wenwei and Guo, Hongyan and Baskin, Carol C. and Xiong, Weina and Yang, Changju and Li, Zhimin and Song, Hao and Wang, Ting and Yin, Jun and Wu, Xue and others},
  journal={Plants},
  volume={11},
  year={2022},
  doi={10.3390/plants11131688},
  url={https://doi.org/10.3390/plants11131688}
}

@article{strawberries_bib5,
  title={Photosynthetic responses of sun- and shade-grown barley leaves to high light: Is the lower PSII connectivity in shade leaves associated with protection against excess of light?},
  author={Zivcak, Marek and Brestic, Marian and Kalaji, Hazem M. and others},
  journal={Photosynthesis Research},
  volume={119},
  pages={339--354},
  year={2014},
  doi={10.1007/s11120-014-9969-8},
  url={https://doi.org/10.1007/s11120-014-9969-8}
}

@article{strawberries_bib6,
  title={Low light intensity effects on the growth, photosynthetic characteristics, antioxidant capacity, yield and quality of wheat (*Triticum aestivum* L.) at different growth stages in BLSS},
  author={Dong, Chen and Fu, Yuming and Liu, Guoqiang and Liu, Hong},
  journal={Advances in Space Research},
  volume={53},
  pages={1557--1566},
  year={2014},
  doi={10.1016/j.asr.2014.02.004},
  url={https://doi.org/10.1016/j.asr.2014.02.004}
}

@article{strawberries_bib7,
  title={Changes in strawberry phenolics, anthocyanins, and antioxidant capacity in response to high oxygen treatments},
  author={Zheng, Yuantong and Wang, Shiow Y. and Wang, Chin Y. and Zheng, Wei},
  journal={LWT - Food Science and Technology},
  volume={40},
  pages={49--57},
  year={2007},
  doi={10.1016/j.lwt.2005.08.013},
  url={https://doi.org/10.1016/j.lwt.2005.08.013}
}

@article{strawberries_bib8,
  title={Bioactive compounds of strawberry and blueberry and their potential health effects based on human intervention studies: A brief overview},
  author={Miller, Katharina and Feucht, Wolfgang and Schmid, Markus},
  journal={Nutrients},
  volume={11},
  year={2019},
  doi={10.3390/nu11071510},
  url={https://doi.org/10.3390/nu11071510}
}

@article{strawberries_bib9,
  title={Bioactive compounds and antioxidant activity in different types of berries},
  author={Skrovankova, Sona and Sumczynski, Daniela and Mlcek, Jiri and Jurikova, Tunde and Sochor, Jiri},
  journal={International Journal of Molecular Sciences},
  volume={16},
  pages={24673--24706},
  year={2015},
  doi={10.3390/ijms161024673},
  url={https://doi.org/10.3390/ijms161024673}
}

@article{strawberries_bib10,
  title={Mechanisms of antioxidants in the oxidation of foods},
  author={Choe, Eunok and Min, David B.},
  journal={Comprehensive Reviews in Food Science and Food Safety},
  volume={8},
  year={2009},
  doi={10.1111/j.1541-4337.2009.00085.x},
  url={https://doi.org/10.1111/j.1541-4337.2009.00085.x}
}

@article{strawberries_bib12,
  title={Effect of shading and grafting on yield and quality of tomato},
  author={Milenković, Ljiljana and Mastilović, Jovan and Kevrešan, Vera and et al.},
  journal={Journal of the Science of Food and Agriculture},
  volume={100},
  pages={623--633},
  year={2020},
  doi={https://doi.org/10.1002/jsfa.10057}
}

@article{strawberries_bib13,
  title={Effects of shade on strawberries in hydroponic cultivation},
  author={Wang, Jizhong and Wang, Hongyue},
  journal={Acta Horticulturae},
  volume={1049},
  pages={733--736},
  year={2014},
  doi={10.17660/ActaHortic.2014.1049.114},
  url={https://doi.org/10.17660/ActaHortic.2014.1049.114}
}

@article{strawberries_bib14,
  title={Characterisation of bioactive compounds in berries from plants grown under innovative photovoltaic greenhouses},
  author={Blando, Federica and Gerardi, Carmela and Renna, Massimiliano and Castellano, Stefania and Serio, Francesco},
  journal={Journal of Berry Research},
  volume={8},
  pages={55--69},
  year={2018},
  doi={10.3233/JBR-170258},
  url={https://doi.org/10.3233/JBR-170258}
}

@article{strawberries_bib16,
  title={The effect of different levels of shading in a photovoltaic greenhouse with a North–South orientation},
  author={L{\'o}pez-D{\'i}az, Guillermo and Carre{\~n}o-Ortega, Alfonso and Fatnassi, Hichem and Poncet, Christine and D{\'i}az-P{\'e}rez, Manuel},
  journal={Applied Sciences},
  volume={10},
  year={2020},
  pages={882},
  doi={10.3390/app10030882},
  url={https://doi.org/10.3390/app10030882}
}

@misc{strawberries_bib17,
  author       = {{Brite Solar}},
  title        = {BSG-250-49 Product Data Sheet},
  year         = {n.d.},
  note         = {https://www.britesolar.com/uploads/originals/1/bsg-250-49.pdf}
}

@article{strawberries_bib18,
  title={Estimation of total phenolic content and other oxidation substrates in plant tissues using Folin–Ciocalteu reagent},
  author={Ainsworth, Elizabeth and Gillespie, Kathleen},
  journal={Nature Protocols},
  volume={2},
  pages={875--877},
  year={2007},
  doi={10.1038/nprot.2007.102},
  url={https://doi.org/10.1038/nprot.2007.102}
}

@article{strawberries_bib19,
  title={Extraction of phenolic compounds with antioxidant activity from strawberries: Modelling with artificial neural networks (ANNs)},
  author={Golpour, Ismaeil and Ferr{\~a}o, Ana Carolina and Gon{\c{c}}alves, Fernando and et al.},
  journal={Foods},
  volume={10},
  year={2021},
  doi={10.3390/foods10092228},
  url={https://doi.org/10.3390/foods10092228}
}

@article{strawberries_bib20,
  title={Implementation of photovoltaics on greenhouses and shading effect to plant growth},
  author={Kavga, Angeliki and Trypanagnostopoulos, George and Koulopoulos, Andreas and Tripanagnostopoulos, Yiannis},
  journal={Acta Horticulturae},
  volume={1242},
  pages={749--756},
  year={2019},
  doi={10.17660/ActaHortic.2019.1242.111},
  url={https://doi.org/10.17660/ActaHortic.2019.1242.111}
}

@article{strawberries_bib21,
  title={Seasonal variation of strawberry fruit quality in widely grown cultivars under Mediterranean climate condition},
  author={Sarıdaş, Mehmet Akif},
  journal={Journal of Food Composition and Analysis},
  volume={97},
  pages={103733},
  year={2021},
  doi={10.1016/j.jfca.2020.103733},
  url={https://doi.org/10.1016/j.jfca.2020.103733}
}

@incollection{strawberries_bib22,
  title={Factors affecting flowering in ornamental plants},
  author={Erwin, John},
  booktitle={Flower Breeding and Genetics},
  editor={Anderson, Neil O.},
  publisher={Springer},
  address={Dordrecht},
  year={2007},
  pages={1--13},
  doi={10.1007/978-1-4020-4428-1_1},
  url={https://doi.org/10.1007/978-1-4020-4428-1_1}
}

@article{strawberries_bib23,
  title={The timing of developmental transitions in plants},
  author={B{\"a}urle, Isabel and Dean, Caroline},
  journal={Cell},
  volume={125},
  number={4},
  pages={655--664},
  year={2006},
  doi={10.1016/j.cell.2006.05.005},
  url={https://doi.org/10.1016/j.cell.2006.05.005}
}

@article{strawberries_bib24,
  title={Effect of photovoltaics shading on the growth of chili pepper in controlled greenhouses},
  author={Hassanien, R. H. E. and Ibrahim, M. M. and Ghaly, A. E. and Abdelrahman, E. N.},
  journal={Heliyon},
  volume={8},
  number={2},
  pages={e08877},
  year={2022},
  doi={10.1016/j.heliyon.2022.e08877},
  url={https://doi.org/10.1016/j.heliyon.2022.e08877}
}

@article{strawberries_bib25,
  title={Influence of opaque photovoltaic shading on microclimate and growth of strawberry in greenhouses},
  author={Hassanien, R. H. E. and Ming, L.},
  journal={Misr Journal of Agricultural Engineering},
  volume={38},
  number={4},
  pages={377--390},
  year={2021},
  doi={10.21608/mjae.2021.88860.1038},
  url={https://doi.org/10.21608/mjae.2021.88860.1038}
}

@article{strawberries_bib26,
  title={Effect of shading with aluminised screens on fruit production and quality in tomato (*Solanum lycopersicum* L.) under greenhouse conditions [Efecto del sombreo mediante pantallas aluminizadas sobre la producción y calidad de fruto en tomate (*Solanum lycopersicum* L.) bajo invernadero]},
  author={Callej{\'o}n-Ferre, {\'A}ngel J. and Manzano-Agugliaro, Francisco and D{\'i}az-P{\'e}rez, Manuel and Carre{\~n}o-Ortega, Alfonso and P{\'e}rez-Alonso, Joaqu{\'i}n},
  journal={Spanish Journal of Agricultural Research},
  volume={7},
  number={1},
  pages={41--49},
  year={2009},
  doi={10.5424/sjar/2009071-396},
  url={https://doi.org/10.5424/sjar/2009071-396}
}

@article{strawberries_bib27,
  title={Effect of shading on yield, sugar content, phenolic acids and antioxidant property of coffee beans (*Coffea Arabica* L. cv. Catimor) harvested from north-eastern Thailand},
  author={Somporn, Choonluchaa and Kamtuo, Athiporn and Theerakulpisut, Piyarat and Siriamornpun, Sirithon},
  journal={Journal of Science of Food and Agriculture},
  volume={92},
  pages={1956--1963},
  year={2012},
  doi={10.1002/jsfa.5568},
  url={https://doi.org/10.1002/jsfa.5568}
}

@article{strawberries_bib28,
  title={Shading Affects Yield, Elemental Composition and Antioxidants of Perennial Wall Rocket Crops Grown from Spring to Summer in Southern Italy},
  author={Caruso, Giovanni and Formisano, Luigi and Cozzolino, Eugenio and Pannico, Antonio and El-Nakhel, Christophe and Rouphael, Youssef and Tallarita, Antonino and Cenvinzo, Vincenzo and De Pascale, Stefania},
  journal={Plants},
  volume={9},
  pages={933},
  year={2020},
  doi={10.3390/plants9080933},
  url={https://doi.org/10.3390/plants9080933}
}

@article{strawberries_bib29,
  title={Physiological, Photosynthetic, and Transcriptomics Insights into the Influence of Shading on Leafy Sweet Potato},
  author={Jing, Xin and Chen, Peng and Jin, Xiaohua and Lei, Jianjun and Wang, Lihong and Chai, Shaokun and Yang, Xiaofeng},
  journal={Genes},
  volume={14},
  pages={2112},
  year={2023},
  doi={10.3390/genes14122112},
  url={https://doi.org/10.3390/genes14122112}
}